<?xml version="1.0" encoding="UTF-8"?><collection xmlns="http://www.loc.gov/MARC21/slim"><record><leader>00341nam--2200109-i-4500</leader><controlfield tag="001">000043487</controlfield><controlfield tag="002">20161230</controlfield><controlfield tag="005">20161230201044</controlfield><controlfield tag="008">060222s1000------------r-----000-0-eng-d</controlfield><datafield ind1=" " ind2=" " tag="245"><subfield code="a">Table ronde sur la conversion thermo-ionique 10 et 11 sept.1964, saclay-france.org.par le serv.d`electronique ph</subfield></datafield><datafield ind1=" " ind2=" " tag="260"><subfield code="a">Saclay, Cea, 1964. 167 P</subfield></datafield><datafield ind1=" " ind2=" " tag="852"><subfield code="a">22012</subfield></datafield></record></collection>